@article{STROBL2007,
  author = {Strobl, Carolin and Boulesteix, Anne-Laure and Zeileis, Achim and Hothorn, Torsten},
  journal = {BMC Bioinformatics},
  number = 25,
  title = {Bias in Random Forest Variable Importance Measures: Illustrations, Sources and a Solution},
  volume = 8,
  year = 2007,
  url = {https://bmcbioinformatics.biomedcentral.com/articles/10.1186/1471-2105-8-25}
}


@book{HASTIE2001,
  author = {Hastie, Trevor and Tibshirani, Robert and Friedman, Jerome},
  edition = 2,
  publisher = {Springer},
  title = {The elements of statistical learning: data mining, inference and prediction},
  url = {http://www-stat.stanford.edu/~tibs/ElemStatLearn/},
  year = 2009
}

@article{BREIMAN2001,
  author = {Breiman, Leo},
  journal = {Machine Learning},
  number = 1,
  pages = {5-32},
  publisher = {Kluwer Academic Publishers},
  title = {Random Forests},
  url = {http://dx.doi.org/10.1023/A%3A1010933404324},
  volume = 45,
  year = 2001
}

@misc{LOUPPE2015,
      title={Understanding Random Forests: From Theory to Practice},
      author={Gilles Louppe},
      year={2015},
      eprint={1407.7502},
      archivePrefix={arXiv},
      primaryClass={stat.ML},
    url = {https://arxiv.org/abs/1407.7502}
}

@Article{PROBST2018,
    title = {To Tune or Not to Tune the Number of Trees in Random Forest},
    author = {Philipp Probst and Anne-Laure Boulesteix},
    journal = {Journal of Machine Learning Research},
    year = {2018},
    volume = {18},
    number = {181},
    pages = {1-18},
    url = {http://jmlr.org/papers/v18/17-269.html},
}
