@book{SONQUIST1964,
  author    = {Sonquist, John A. and Morgan, James N.},
  title     = {The Detection of Interaction Effects},
  year      = {1964},
  number    = {35},
  series    = {Monograph Series},
  publisher = {Survey Research Center, Institute for Social Research, University of Michigan},
  address   = {Ann Arbor},
  url       = {https://books.google.com/books/about/The_Detection_of_Interaction_Effects.html?id=0bxOvuPoQ3wC}
}

@article{KASS1980,
  author  = {Kass, Gordon V.},
  title   = {An Exploratory Technique for Investigating Large Quantities of Categorical Data},
  journal = {Journal of the Royal Statistical Society: Series C (Applied Statistics)},
  year    = {1980},
  volume  = {29},
  number  = {2},
  pages   = {119--127},
  doi     = {10.2307/2986296},
  url     = {https://doi.org/10.2307/2986296}
}

@book{QUINLAN1993,
  author    = {Quinlan, J. Ross},
  title     = {C4.5: Programs for Machine Learning},
  year      = {1993},
  publisher = {Morgan Kaufmann},
  address   = {San Mateo},
  isbn      = {9781558602380},
  url       = {https://link.springer.com/article/10.1007/BF00993309}
}

@article{HOTHORN2006,
  author  = {Hothorn, Torsten and Hornik, Kurt and Zeileis, Achim},
  title   = {Unbiased Recursive Partitioning: A Conditional Inference Framework},
  journal = {Journal of Computational and Graphical Statistics},
  year    = {2006},
  volume  = {15},
  number  = {3},
  pages   = {651--674},
  doi     = {10.1198/106186006X133933},
  url     = {https://doi.org/10.1198/106186006X133933}
}

@book{BREIMAN1984,
  title        = {Classification and Regression Trees},
  author       = {Breiman, Leo and Friedman, Jerome H. and Olshen, Richard A. and Stone, Charles J.},
  year         = {1984},
  edition      = {1},
  publisher    = {Chapman and Hall/CRC},
  address      = {Boca Raton},
  doi          = {10.1201/9781315139470},
  url          = {https://doi.org/10.1201/9781315139470}
}

@incollection{RIPLEY1996,
  author       = {Ripley, Brian D.},
  title        = {Tree-structured Classifiers},
  booktitle    = {Pattern Recognition and Neural Networks},
  publisher    = {Cambridge University Press},
  address      = {Cambridge},
  year         = {1996},
  pages        = {213--242},
  doi          = {10.1017/CBO9780511812651.008},
  url          = {https://doi.org/10.1017/CBO9780511812651.008}
}

@article{WRIGHT2019,
  author       = {Wright, Marvin N. and KÃ¶nig, Inke R.},
  title        = {Splitting on Categorical Predictors in Random Forests},
  journal      = {PeerJ},
  volume       = {7},
  pages        = {e6339},
  year         = {2019},
  doi          = {10.7717/peerj.6339},
  pmid         = {30746306},
  pmcid        = {PMC6368971},
  url          = {https://doi.org/10.7717/peerj.6339}
}

@article{FISHER1958,
  author       = {Fisher, Walter D.},
  title        = {On Grouping for Maximum Homogeneity},
  journal      = {Journal of the American Statistical Association},
  volume       = {53},
  number       = {284},
  pages        = {789--798},
  year         = {1958},
  doi          = {10.1080/01621459.1958.10501479},
  url          = {https://doi.org/10.1080/01621459.1958.10501479}
}